[gd_resource type="VisualShader" load_steps=14 format=2]

[sub_resource type="VisualShaderNodeScalarUniform" id=1]
uniform_name = "limit"

[sub_resource type="VisualShaderNodeScalarOp" id=2]
operator = 9

[sub_resource type="VisualShaderNodeScalarOp" id=3]
operator = 2

[sub_resource type="VisualShaderNodeVectorCompose" id=4]

[sub_resource type="VisualShaderNodeScalarConstant" id=5]
constant = 1.0

[sub_resource type="VisualShaderNodeInput" id=6]
input_name = "screen_pixel_size"

[sub_resource type="VisualShaderNodeScalarConstant" id=7]
constant = 1.0

[sub_resource type="VisualShaderNodeVectorOp" id=8]
operator = 3

[sub_resource type="VisualShaderNodeInput" id=9]
input_name = "fragcoord"

[sub_resource type="VisualShaderNodeVectorOp" id=10]
operator = 3

[sub_resource type="VisualShaderNodeColorConstant" id=11]
constant = Color( 0, 0, 0, 1 )

[sub_resource type="VisualShaderNodeVectorDecompose" id=12]

[sub_resource type="VisualShaderNodeScalarOp" id=13]
operator = 9

[resource]
code = "shader_type canvas_item;
uniform float limit;



void vertex() {
// Output:0

}

void fragment() {
// ScalarUniform:10
	float n_out10p0 = limit;

// Input:5
	vec3 n_out5p0 = FRAGCOORD.xyz;

// Scalar:3
	float n_out3p0 = 1.000000;

// Input:2
	vec3 n_out2p0 = vec3(SCREEN_PIXEL_SIZE, 1.0);

// VectorOp:4
	vec3 n_out4p0 = vec3(n_out3p0) / n_out2p0;

// VectorOp:6
	vec3 n_out6p0 = n_out5p0 / n_out4p0;

// VectorDecompose:8
	float n_out8p0 = n_out6p0.x;
	float n_out8p1 = n_out6p0.y;
	float n_out8p2 = n_out6p0.z;

// ScalarOp:9
	float n_out9p0 = step(n_out10p0, n_out8p0);

// ScalarOp:11
	float n_out11p0 = step(n_out10p0, n_out8p1);

// ScalarOp:12
	float n_out12p0 = n_out9p0 * n_out11p0;

// VectorCompose:13
	vec3 n_out13p0 = vec3(n_out12p0, n_out12p0, n_out12p0);

// Scalar:14
	float n_out14p0 = 1.000000;

// Output:0
	COLOR.rgb = n_out13p0;
	COLOR.a = n_out14p0;

}

void light() {
// Output:0

}
"
graph_offset = Vector2( -116.704, -65.792 )
mode = 1
flags/light_only = false
nodes/fragment/0/position = Vector2( 1220, 160 )
nodes/fragment/2/node = SubResource( 6 )
nodes/fragment/2/position = Vector2( -440, 200 )
nodes/fragment/3/node = SubResource( 7 )
nodes/fragment/3/position = Vector2( -440, 120 )
nodes/fragment/4/node = SubResource( 8 )
nodes/fragment/4/position = Vector2( -160, 140 )
nodes/fragment/5/node = SubResource( 9 )
nodes/fragment/5/position = Vector2( -200, 20 )
nodes/fragment/6/node = SubResource( 10 )
nodes/fragment/6/position = Vector2( 60, 100 )
nodes/fragment/7/node = SubResource( 11 )
nodes/fragment/7/position = Vector2( 740, 280 )
nodes/fragment/8/node = SubResource( 12 )
nodes/fragment/8/position = Vector2( 240, 100 )
nodes/fragment/9/node = SubResource( 13 )
nodes/fragment/9/position = Vector2( 520, 40 )
nodes/fragment/10/node = SubResource( 1 )
nodes/fragment/10/position = Vector2( 300, 0 )
nodes/fragment/11/node = SubResource( 2 )
nodes/fragment/11/position = Vector2( 520, 160 )
nodes/fragment/12/node = SubResource( 3 )
nodes/fragment/12/position = Vector2( 740, 100 )
nodes/fragment/13/node = SubResource( 4 )
nodes/fragment/13/position = Vector2( 960, 120 )
nodes/fragment/14/node = SubResource( 5 )
nodes/fragment/14/position = Vector2( 960, 260 )
nodes/fragment/connections = PoolIntArray( 2, 0, 4, 1, 3, 0, 4, 0, 5, 0, 6, 0, 4, 0, 6, 1, 6, 0, 8, 0, 8, 0, 9, 1, 8, 1, 11, 1, 10, 0, 9, 0, 10, 0, 11, 0, 9, 0, 12, 0, 11, 0, 12, 1, 12, 0, 13, 0, 12, 0, 13, 1, 12, 0, 13, 2, 13, 0, 0, 0, 14, 0, 0, 1, 2, 0, 4, 1, 3, 0, 4, 0, 5, 0, 6, 0, 4, 0, 6, 1, 6, 0, 8, 0, 8, 0, 9, 1, 8, 1, 11, 1, 10, 0, 9, 0, 10, 0, 11, 0, 9, 0, 12, 0, 11, 0, 12, 1, 12, 0, 13, 0, 12, 0, 13, 1, 12, 0, 13, 2, 13, 0, 0, 0, 14, 0, 0, 1, 2, 0, 4, 1, 3, 0, 4, 0, 5, 0, 6, 0, 4, 0, 6, 1, 6, 0, 8, 0, 8, 0, 9, 1, 8, 1, 11, 1, 10, 0, 9, 0, 10, 0, 11, 0, 9, 0, 12, 0, 11, 0, 12, 1, 12, 0, 13, 0, 12, 0, 13, 1, 12, 0, 13, 2, 13, 0, 0, 0, 14, 0, 0, 1, 2, 0, 4, 1, 3, 0, 4, 0, 5, 0, 6, 0, 4, 0, 6, 1, 6, 0, 8, 0, 8, 0, 9, 1, 8, 1, 11, 1, 10, 0, 9, 0, 10, 0, 11, 0, 9, 0, 12, 0, 11, 0, 12, 1, 12, 0, 13, 0, 12, 0, 13, 1, 12, 0, 13, 2, 13, 0, 0, 0, 14, 0, 0, 1 )
