[gd_resource type="VisualShader" load_steps=21 format=2]

[sub_resource type="VisualShaderNodeScalarOp" id=1]
operator = 1

[sub_resource type="VisualShaderNodeVec3Constant" id=2]
constant = Vector3( 0, 1, 0 )

[sub_resource type="VisualShaderNodeScalarOp" id=3]
default_input_values = [ 0, 1.0, 1, 0.0 ]
operator = 1

[sub_resource type="VisualShaderNodeVectorOp" id=4]
operator = 2

[sub_resource type="VisualShaderNodeVectorOp" id=5]
operator = 2

[sub_resource type="VisualShaderNodeVectorOp" id=6]

[sub_resource type="VisualShaderNodeScalarConstant" id=7]
constant = 1.0

[sub_resource type="VisualShaderNodeScalarFunc" id=8]
function = 12

[sub_resource type="VisualShaderNodeVectorDecompose" id=9]

[sub_resource type="VisualShaderNodeInput" id=10]
input_name = "screen_pixel_size"

[sub_resource type="VisualShaderNodeScalarConstant" id=11]
constant = 1.0

[sub_resource type="VisualShaderNodeScalarOp" id=12]
operator = 3

[sub_resource type="VisualShaderNodeScalarOp" id=13]
operator = 3

[sub_resource type="VisualShaderNodeScalarOp" id=14]
operator = 3

[sub_resource type="VisualShaderNodeVectorCompose" id=15]

[sub_resource type="VisualShaderNodeInput" id=16]
input_name = "fragcoord"

[sub_resource type="VisualShaderNodeVectorOp" id=17]
operator = 3

[sub_resource type="VisualShaderNodeVectorDecompose" id=18]

[sub_resource type="VisualShaderNodeVectorCompose" id=19]

[sub_resource type="VisualShaderNodeScalarSmoothStep" id=20]
default_input_values = [ 0, 0.02, 1, 0.0, 2, 0.0 ]

[resource]
code = "shader_type canvas_item;



void vertex() {
// Output:0

}

void fragment() {
// Input:5
	vec3 n_out5p0 = FRAGCOORD.xyz;

// Scalar:20
	float n_out20p0 = 1.000000;

// Input:2
	vec3 n_out2p0 = vec3(SCREEN_PIXEL_SIZE, 1.0);

// VectorDecompose:19
	float n_out19p0 = n_out2p0.x;
	float n_out19p1 = n_out2p0.y;
	float n_out19p2 = n_out2p0.z;

// ScalarOp:21
	float n_out21p0 = n_out20p0 / n_out19p0;

// ScalarOp:22
	float n_out22p0 = n_out20p0 / n_out19p1;

// ScalarOp:23
	float n_out23p0 = n_out20p0 / n_out19p2;

// VectorCompose:24
	vec3 n_out24p0 = vec3(n_out21p0, n_out22p0, n_out23p0);

// VectorOp:6
	vec3 n_out6p0 = n_out5p0 / n_out24p0;

// VectorDecompose:7
	float n_out7p0 = n_out6p0.x;
	float n_out7p1 = n_out6p0.y;
	float n_out7p2 = n_out6p0.z;

// ScalarOp:10
	float n_out10p0 = n_out7p1 - n_out7p0;

// ScalarFunc:18
	float n_out18p0 = abs(n_out10p0);

// ScalarSmoothStep:9
	float n_in9p0 = 0.02000;
	float n_in9p1 = 0.00000;
	float n_out9p0 = smoothstep(n_in9p0, n_in9p1, n_out18p0);

// ScalarOp:13
	float n_in13p0 = 1.00000;
	float n_out13p0 = n_in13p0 - n_out9p0;

// VectorCompose:8
	vec3 n_out8p0 = vec3(n_out7p0, n_out7p0, n_out7p0);

// VectorOp:14
	vec3 n_out14p0 = vec3(n_out13p0) * n_out8p0;

// Vector:11
	vec3 n_out11p0 = vec3(0.000000, 1.000000, 0.000000);

// VectorOp:15
	vec3 n_out15p0 = vec3(n_out9p0) * n_out11p0;

// VectorOp:16
	vec3 n_out16p0 = n_out14p0 + n_out15p0;

// Scalar:17
	float n_out17p0 = 1.000000;

// Output:0
	COLOR.rgb = n_out16p0;
	COLOR.a = n_out17p0;

}

void light() {
// Output:0

}
"
graph_offset = Vector2( 754, -321 )
mode = 1
flags/light_only = false
nodes/fragment/0/position = Vector2( 1780, -240 )
nodes/fragment/2/node = SubResource( 10 )
nodes/fragment/2/position = Vector2( -1220, -80 )
nodes/fragment/5/node = SubResource( 16 )
nodes/fragment/5/position = Vector2( -300, -200 )
nodes/fragment/6/node = SubResource( 17 )
nodes/fragment/6/position = Vector2( -40, -40 )
nodes/fragment/7/node = SubResource( 18 )
nodes/fragment/7/position = Vector2( 160, -20 )
nodes/fragment/8/node = SubResource( 19 )
nodes/fragment/8/position = Vector2( 620, -60 )
nodes/fragment/9/node = SubResource( 20 )
nodes/fragment/9/position = Vector2( 820, -320 )
nodes/fragment/10/node = SubResource( 1 )
nodes/fragment/10/position = Vector2( 400, -160 )
nodes/fragment/11/node = SubResource( 2 )
nodes/fragment/11/position = Vector2( 920, -80 )
nodes/fragment/13/node = SubResource( 3 )
nodes/fragment/13/position = Vector2( 1080, -420 )
nodes/fragment/14/node = SubResource( 4 )
nodes/fragment/14/position = Vector2( 1280, -420 )
nodes/fragment/15/node = SubResource( 5 )
nodes/fragment/15/position = Vector2( 1300, -200 )
nodes/fragment/16/node = SubResource( 6 )
nodes/fragment/16/position = Vector2( 1540, -260 )
nodes/fragment/17/node = SubResource( 7 )
nodes/fragment/17/position = Vector2( 1520, -120 )
nodes/fragment/18/node = SubResource( 8 )
nodes/fragment/18/position = Vector2( 620, -180 )
nodes/fragment/19/node = SubResource( 9 )
nodes/fragment/19/position = Vector2( -940, -80 )
nodes/fragment/20/node = SubResource( 11 )
nodes/fragment/20/position = Vector2( -920, -180 )
nodes/fragment/21/node = SubResource( 12 )
nodes/fragment/21/position = Vector2( -580, -260 )
nodes/fragment/22/node = SubResource( 13 )
nodes/fragment/22/position = Vector2( -580, -120 )
nodes/fragment/23/node = SubResource( 14 )
nodes/fragment/23/position = Vector2( -580, 0 )
nodes/fragment/24/node = SubResource( 15 )
nodes/fragment/24/position = Vector2( -300, -20 )
nodes/fragment/connections = PoolIntArray( 6, 0, 7, 0, 7, 0, 8, 0, 7, 0, 8, 1, 7, 0, 8, 2, 9, 0, 13, 1, 13, 0, 14, 0, 8, 0, 14, 1, 11, 0, 15, 1, 9, 0, 15, 0, 14, 0, 16, 0, 15, 0, 16, 1, 17, 0, 0, 1, 10, 0, 18, 0, 18, 0, 9, 2, 7, 1, 10, 0, 7, 0, 10, 1, 2, 0, 19, 0, 19, 2, 23, 1, 19, 1, 22, 1, 19, 0, 21, 1, 20, 0, 21, 0, 20, 0, 22, 0, 20, 0, 23, 0, 21, 0, 24, 0, 22, 0, 24, 1, 23, 0, 24, 2, 5, 0, 6, 0, 24, 0, 6, 1, 16, 0, 0, 0 )
