[gd_resource type="VisualShader" load_steps=23 format=2]

[sub_resource type="VisualShaderNodeScalarOp" id=1]
operator = 2

[sub_resource type="VisualShaderNodeScalarConstant" id=2]
constant = 2.0

[sub_resource type="VisualShaderNodeVectorDecompose" id=3]

[sub_resource type="VisualShaderNodeScalarOp" id=4]
operator = 8

[sub_resource type="VisualShaderNodeScalarConstant" id=5]
constant = 3.0

[sub_resource type="VisualShaderNodeScalarOp" id=6]
operator = 2

[sub_resource type="VisualShaderNodeScalarOp" id=7]
operator = 1

[sub_resource type="VisualShaderNodeScalarConstant" id=8]
constant = 1.0

[sub_resource type="VisualShaderNodeScalarSmoothStep" id=9]

[sub_resource type="VisualShaderNodeScalarFunc" id=10]
function = 1

[sub_resource type="VisualShaderNodeInput" id=11]
input_name = "screen_pixel_size"

[sub_resource type="VisualShaderNodeScalarOp" id=12]

[sub_resource type="VisualShaderNodeScalarConstant" id=13]
constant = 0.116

[sub_resource type="VisualShaderNodeVectorCompose" id=14]

[sub_resource type="VisualShaderNodeScalarConstant" id=15]
constant = 1.0

[sub_resource type="VisualShaderNodeScalarConstant" id=16]
constant = 1.0

[sub_resource type="VisualShaderNodeVectorOp" id=17]
operator = 3

[sub_resource type="VisualShaderNodeInput" id=18]
input_name = "fragcoord"

[sub_resource type="VisualShaderNodeVectorOp" id=19]
operator = 3

[sub_resource type="VisualShaderNodeVec3Constant" id=20]
constant = Vector3( 0.5, 0.5, 0.5 )

[sub_resource type="VisualShaderNodeVectorOp" id=21]
operator = 1

[sub_resource type="VisualShaderNodeVectorLen" id=22]

[resource]
code = "shader_type canvas_item;



void vertex() {
// Output:0

}

void fragment() {
// Scalar:17
	float n_out17p0 = 1.000000;

// Vector:7
	vec3 n_out7p0 = vec3(0.500000, 0.500000, 0.500000);

// Input:5
	vec3 n_out5p0 = FRAGCOORD.xyz;

// Scalar:3
	float n_out3p0 = 1.000000;

// Input:2
	vec3 n_out2p0 = vec3(SCREEN_PIXEL_SIZE, 1.0);

// VectorOp:4
	vec3 n_out4p0 = vec3(n_out3p0) / n_out2p0;

// VectorOp:6
	vec3 n_out6p0 = n_out5p0 / n_out4p0;

// VectorOp:8
	vec3 n_out8p0 = n_out7p0 - n_out6p0;

// VectorDecompose:12
	float n_out12p0 = n_out8p0.x;
	float n_out12p1 = n_out8p0.y;
	float n_out12p2 = n_out8p0.z;

// ScalarOp:13
	float n_out13p0 = atan(n_out12p0, n_out12p1);

// Scalar:14
	float n_out14p0 = 3.000000;

// ScalarOp:15
	float n_out15p0 = n_out13p0 * n_out14p0;

// ScalarFunc:19
	float n_out19p0 = cos(n_out15p0);

// Scalar:21
	float n_out21p0 = 0.116000;

// ScalarOp:20
	float n_out20p0 = n_out19p0 + n_out21p0;

// Scalar:11
	float n_out11p0 = 2.000000;

// VectorLen:9
	float n_out9p0 = length(n_out8p0);

// ScalarOp:10
	float n_out10p0 = n_out11p0 * n_out9p0;

// ScalarSmoothStep:18
	float n_out18p0 = smoothstep(n_out19p0, n_out20p0, n_out10p0);

// ScalarOp:16
	float n_out16p0 = n_out17p0 - n_out18p0;

// VectorCompose:22
	vec3 n_out22p0 = vec3(n_out16p0, n_out16p0, n_out16p0);

// Scalar:23
	float n_out23p0 = 1.000000;

// Output:0
	COLOR.rgb = n_out22p0;
	COLOR.a = n_out23p0;

}

void light() {
// Output:0

}
"
graph_offset = Vector2( 1127, -148 )
mode = 1
flags/light_only = false
nodes/fragment/0/position = Vector2( 2260, -100 )
nodes/fragment/2/node = SubResource( 11 )
nodes/fragment/2/position = Vector2( -820, 20 )
nodes/fragment/3/node = SubResource( 16 )
nodes/fragment/3/position = Vector2( -760, -60 )
nodes/fragment/4/node = SubResource( 17 )
nodes/fragment/4/position = Vector2( -540, -40 )
nodes/fragment/5/node = SubResource( 18 )
nodes/fragment/5/position = Vector2( -580, -140 )
nodes/fragment/6/node = SubResource( 19 )
nodes/fragment/6/position = Vector2( -360, -80 )
nodes/fragment/7/node = SubResource( 20 )
nodes/fragment/7/position = Vector2( -360, -220 )
nodes/fragment/8/node = SubResource( 21 )
nodes/fragment/8/position = Vector2( 0, -100 )
nodes/fragment/9/node = SubResource( 22 )
nodes/fragment/9/position = Vector2( 260, -140 )
nodes/fragment/10/node = SubResource( 1 )
nodes/fragment/10/position = Vector2( 500, -200 )
nodes/fragment/11/node = SubResource( 2 )
nodes/fragment/11/position = Vector2( 220, -220 )
nodes/fragment/12/node = SubResource( 3 )
nodes/fragment/12/position = Vector2( 220, -60 )
nodes/fragment/13/node = SubResource( 4 )
nodes/fragment/13/position = Vector2( 460, -80 )
nodes/fragment/14/node = SubResource( 5 )
nodes/fragment/14/position = Vector2( 420, 120 )
nodes/fragment/15/node = SubResource( 6 )
nodes/fragment/15/position = Vector2( 700, 20 )
nodes/fragment/16/node = SubResource( 7 )
nodes/fragment/16/position = Vector2( 1640, -220 )
nodes/fragment/17/node = SubResource( 8 )
nodes/fragment/17/position = Vector2( 1080, -260 )
nodes/fragment/18/node = SubResource( 9 )
nodes/fragment/18/position = Vector2( 1360, -40 )
nodes/fragment/19/node = SubResource( 10 )
nodes/fragment/19/position = Vector2( 880, 40 )
nodes/fragment/20/node = SubResource( 12 )
nodes/fragment/20/position = Vector2( 1160, 60 )
nodes/fragment/21/node = SubResource( 13 )
nodes/fragment/21/position = Vector2( 880, 160 )
nodes/fragment/22/node = SubResource( 14 )
nodes/fragment/22/position = Vector2( 1900, -120 )
nodes/fragment/23/node = SubResource( 15 )
nodes/fragment/23/position = Vector2( 1967.85, 25.2466 )
nodes/fragment/connections = PoolIntArray( 3, 0, 4, 0, 2, 0, 4, 1, 5, 0, 6, 0, 4, 0, 6, 1, 7, 0, 8, 0, 6, 0, 8, 1, 8, 0, 9, 0, 9, 0, 10, 1, 11, 0, 10, 0, 8, 0, 12, 0, 12, 0, 13, 0, 12, 1, 13, 1, 13, 0, 15, 0, 14, 0, 15, 1, 17, 0, 16, 0, 15, 0, 19, 0, 19, 0, 18, 0, 19, 0, 20, 0, 21, 0, 20, 1, 20, 0, 18, 1, 10, 0, 18, 2, 18, 0, 16, 1, 16, 0, 22, 0, 16, 0, 22, 1, 16, 0, 22, 2, 23, 0, 0, 1, 22, 0, 0, 0 )
