[gd_resource type="VisualShader" load_steps=17 format=2]

[sub_resource type="VisualShaderNodeScalarConstant" id=1]
constant = 1.0

[sub_resource type="VisualShaderNodeInput" id=2]
input_name = "fragcoord"

[sub_resource type="VisualShaderNodeVectorOp" id=3]
operator = 3

[sub_resource type="VisualShaderNodeVectorDecompose" id=4]

[sub_resource type="VisualShaderNodeVectorCompose" id=5]

[sub_resource type="VisualShaderNodeInput" id=6]
input_name = "time"

[sub_resource type="VisualShaderNodeScalarFunc" id=7]
function = 0

[sub_resource type="VisualShaderNodeScalarOp" id=8]

[sub_resource type="VisualShaderNodeScalarOp" id=9]

[sub_resource type="VisualShaderNodeInput" id=10]
input_name = "screen_pixel_size"

[sub_resource type="VisualShaderNodeVectorDecompose" id=11]

[sub_resource type="VisualShaderNodeScalarConstant" id=12]
constant = 1.0

[sub_resource type="VisualShaderNodeScalarOp" id=13]
operator = 3

[sub_resource type="VisualShaderNodeScalarOp" id=14]
operator = 3

[sub_resource type="VisualShaderNodeScalarOp" id=15]
operator = 3

[sub_resource type="VisualShaderNodeVectorCompose" id=16]

[resource]
code = "shader_type canvas_item;



void vertex() {
// Output:0

}

void fragment() {
// Input:16
	float n_out16p0 = TIME;

// ScalarFunc:19
	float n_out19p0 = sin(n_out16p0);

// Input:12
	vec3 n_out12p0 = FRAGCOORD.xyz;

// Scalar:5
	float n_out5p0 = 1.000000;

// Input:3
	vec3 n_out3p0 = vec3(SCREEN_PIXEL_SIZE, 1.0);

// VectorDecompose:4
	float n_out4p0 = n_out3p0.x;
	float n_out4p1 = n_out3p0.y;
	float n_out4p2 = n_out3p0.z;

// ScalarOp:6
	float n_out6p0 = n_out5p0 / n_out4p0;

// ScalarOp:7
	float n_out7p0 = n_out5p0 / n_out4p1;

// VectorCompose:9
	float n_in9p2 = 0.00000;
	vec3 n_out9p0 = vec3(n_out6p0, n_out7p0, n_in9p2);

// VectorOp:13
	vec3 n_out13p0 = n_out12p0 / n_out9p0;

// VectorDecompose:14
	float n_out14p0 = n_out13p0.x;
	float n_out14p1 = n_out13p0.y;
	float n_out14p2 = n_out13p0.z;

// ScalarOp:20
	float n_out20p0 = n_out19p0 + n_out14p0;

// ScalarOp:21
	float n_out21p0 = n_out19p0 + n_out14p1;

// VectorCompose:15
	float n_in15p2 = 0.00000;
	vec3 n_out15p0 = vec3(n_out20p0, n_out21p0, n_in15p2);

// Scalar:11
	float n_out11p0 = 1.000000;

// Output:0
	COLOR.rgb = n_out15p0;
	COLOR.a = n_out11p0;

}

void light() {
// Output:0

}
"
graph_offset = Vector2( -1218, -93 )
mode = 1
flags/light_only = false
nodes/fragment/0/position = Vector2( 1340, 160 )
nodes/fragment/3/node = SubResource( 10 )
nodes/fragment/3/position = Vector2( -1140, 60 )
nodes/fragment/4/node = SubResource( 11 )
nodes/fragment/4/position = Vector2( -760, 140 )
nodes/fragment/5/node = SubResource( 12 )
nodes/fragment/5/position = Vector2( -820, -80 )
nodes/fragment/6/node = SubResource( 13 )
nodes/fragment/6/position = Vector2( -400, -100 )
nodes/fragment/7/node = SubResource( 14 )
nodes/fragment/7/position = Vector2( -400, 20 )
nodes/fragment/8/node = SubResource( 15 )
nodes/fragment/8/position = Vector2( -400, 140 )
nodes/fragment/9/node = SubResource( 16 )
nodes/fragment/9/position = Vector2( -140, 20 )
nodes/fragment/11/node = SubResource( 1 )
nodes/fragment/11/position = Vector2( 720, 260 )
nodes/fragment/12/node = SubResource( 2 )
nodes/fragment/12/position = Vector2( -160, -80 )
nodes/fragment/13/node = SubResource( 3 )
nodes/fragment/13/position = Vector2( 120, -40 )
nodes/fragment/14/node = SubResource( 4 )
nodes/fragment/14/position = Vector2( 320, 20 )
nodes/fragment/15/node = SubResource( 5 )
nodes/fragment/15/position = Vector2( 1160, -40 )
nodes/fragment/16/node = SubResource( 6 )
nodes/fragment/16/position = Vector2( 340, -160 )
nodes/fragment/19/node = SubResource( 7 )
nodes/fragment/19/position = Vector2( 580, -100 )
nodes/fragment/20/node = SubResource( 8 )
nodes/fragment/20/position = Vector2( 820, -60 )
nodes/fragment/21/node = SubResource( 9 )
nodes/fragment/21/position = Vector2( 820, 60 )
nodes/fragment/connections = PoolIntArray( 3, 0, 4, 0, 5, 0, 6, 0, 5, 0, 7, 0, 5, 0, 8, 0, 4, 0, 6, 1, 6, 0, 9, 0, 7, 0, 9, 1, 4, 1, 7, 1, 11, 0, 0, 1, 9, 0, 13, 1, 12, 0, 13, 0, 13, 0, 14, 0, 15, 0, 0, 0, 16, 0, 19, 0, 19, 0, 20, 0, 14, 0, 20, 1, 19, 0, 21, 0, 14, 1, 21, 1, 20, 0, 15, 0, 21, 0, 15, 1 )
